@misc{Biamonte2017,
      title={Tensor Networks in a Nutshell}, 
      author={Jacob Biamonte and Ville Bergholm},
      year={2017},
      eprint={1708.00006},
      archivePrefix={arXiv},
      primaryClass={quant-ph}
}

