@article{Fomin2013,
  title={Exact exponential algorithms},
  author={Fomin, Fedor V and Kaski, Petteri},
  journal={Communications of the ACM},
  volume={56},
  number={3},
  pages={80--88},
  year={2013},
  publisher={ACM New York, NY, USA}
}